@book{AppelModernCompiler:1997,
    author    = "Andrew Appel",
    title     = "Modern Compiler Implementation in C",
    year      = "1997",
    publisher = "Cambridge University Press"
}

@book{FlexBisonLevine:2009,
	author    = "John Levine",
	title     = "Flex \& Bison",
	year      = "2009",
	publisher = "O'Reilly Media"
}
 
@misc{Pest:2019,
    author    = "The Pest project contributors",
    title     = "Pest Webpage",
    title     = "2019",
    url       = "https://pest.rs/"
}

@mastersthesis{Akos:2018,
	title    = {Practical Aggregation in the Edge},
	school   = {FCT-NOVA University of Lisbon},
	author   = {Pedro √Åkos Costa},
	year     = {2018}
}