@book{AppelModernCompiler:1997,
    author    = "Andrew Appel",
    title     = "Modern Compiler Implementation in C",
    year      = "1997",
    publisher = "Cambridge University Press"
}

@book{FlexBisonLevine:2009,
	author    = "John Levine",
	title     = "Flex \& Bison",
	year      = "2009",
	publisher = "O'Reilly Media"
}

@mastersthesis{Akos:2018,
	title    = {Practical Aggregation in the Edge},
	school   = {FCT-NOVA University of Lisbon},
	author   = {Pedro √Åkos Costa},
	year     = {2018}
}

@misc{Pest:2019,
	author    = "The Pest project contributors",
	title     = "Pest Webpage",
	year     = "2019",
	url       = "https://pest.rs/"
}

@article{Horus:1994,
	author = {R. Van Renesse and Takako M. Hickey and Ken Birman},
	year = {1994},
	month = {09},
	pages = {},
	title = {Design and Performance of Horus: A Lightweight Group Communications System}
}

@inbook{TinyOS:2005,
	author="Levis, P.
	and Madden, S.
	and Polastre, J.
	and Szewczyk, R.
	and Whitehouse, K.
	and Woo, A.
	and Gay, D.
	and Hill, J.
	and Welsh, M.
	and Brewer, E.
	and Culler, D.",
	editor="Weber, Werner
	and Rabaey, Jan M.
	and Aarts, Emile",
	title="TinyOS: An Operating System for Sensor Networks",
	bookTitle="Ambient Intelligence",
	year="2005",
	publisher="Springer Berlin Heidelberg",
	address="Berlin, Heidelberg",
	pages="115--148",
	isbn="978-3-540-27139-0",
	doi="10.1007/3-540-27139-2_7",
	url="https://doi.org/10.1007/3-540-27139-2_7"
}

@inproceedings{ISIS:1990,
	author = {Kenneth Birman and Robert Cooper},
	title = {The ISIS Project: Real Experience with a Fault Tolerant Programming System},
	booktitle = {Proceedings of the 4th Workshop on ACM SIGOPS European Workshop},
	series = {EW 4},
	year = {1990},
	location = {Bologna, Italy},
	pages = {1--5},
	numpages = {5},
	url = {http://doi.acm.org/10.1145/504136.504153},
	doi = {10.1145/504136.504153},
	acmid = {504153},
	publisher = {ACM},
} 

@inproceedings{Appia:2001,
	author={H. {Miranda} and A. {Pinto} and L. {Rodrigues}},
	booktitle={Proceedings 21st International Conference on Distributed Computing Systems},
	title={Appia, a flexible protocol kernel supporting multiple coordinated channels},
	year={2001},
	volume={},
	number={},
	pages={707-710},
	doi={10.1109/ICDSC.2001.919005},
	ISSN={},
	month={April}
}

@inproceedings{Impala:2003,
	author = {Ting Liu and Margaret Martonosi},
	title = {Impala: A Middleware System for Managing Autonomic, Parallel Sensor Systems},
	booktitle = {Proceedings of the Ninth ACM SIGPLAN Symposium on Principles and Practice of Parallel Programming},
	series = {PPoPP '03},
	year = {2003},
	isbn = {1-58113-588-2},
	location = {San Diego, California, USA},
	pages = {107--118},
	numpages = {12},
	url = {http://doi.acm.org/10.1145/781498.781516},
	doi = {10.1145/781498.781516},
	acmid = {781516},
	publisher = {ACM},
	keywords = {middleware system, sensor networks, software adaptation, software update},
}

@inproceedings{6187862,
	author={D. {Chen} and H. {Zhao}},
	booktitle={2012 International Conference on Computer Science and Electronics Engineering},
	title={Data Security and Privacy Protection Issues in Cloud Computing},
	year={2012},
	volume={1},
	number={},
	pages={647-651},
	keywords={cloud computing;data privacy;data security protection;data privacy protection;cloud computing;enterprise applications;business critical applications;consumers perspective;data life cycle;Cloud computing;Data privacy;Computational modeling;Encryption;Data models;access control;cloud computing;cloud computing security;data segregation;data security;privacy protection},
	doi={10.1109/ICCSEE.2012.193},
	ISSN={},
	month={March},}

@misc{Gartner:2017,
	author    = "Gartner Inc.",
	title     = "Gartner DataQuest Forecast on Public Cloud Services",
	year     = "2017",
	url       = "https://www.gartner.com/en/newsroom/press-releases/2017-02-22-gartner-says-worldwide-public-cloud-services-market-to-grow-18-percent-in-2017"
}

@article{Satyanarayanan:2017,
	author={M. {Satyanarayanan}},
	journal={Computer},
	title={The Emergence of Edge Computing},
	year={2017},
	volume={50},
	number={1},
	pages={30-39},
	keywords={cloud computing;Internet of Things;mobile computing;edge computing;storage nodes;Internet;mobile devices;sensors;cloud services;mobile computing;privacy-policy enforcement;Internet of Things;transient cloud outages;Investments;Edge computing;Cloud computing;Augmented reality;Internet of things;Computer vision;Content management;Data analysis;cloud;mobile;cloudlets;networking;edge computing;fog computing;augmented reality;AR;virtual reality;VR;Internet of Things;IoT;pervasive computing;computer vision;data analytics;content delivery networks;security;privacy;telecommunications;cognitive assistance;GigaSight;Outlook},
	doi={10.1109/MC.2017.9},
	ISSN={0018-9162},
	month={Jan},}

@article{Leitao:2018,
	title={Towards Enabling Novel Edge-Enabled Applications},
	author={Leit{\~a}o, Jo{\~a}o and Costa, Pedro {\'A}kos and Gomes, Maria Cec{\'\i}lia and Pregui{\c{c}}a, Nuno},
	journal={arXiv preprint arXiv:1805.06989},
	year={2018}
}
